<record><leader>00000cas a22000007a 4500</leader><controlfield tag="001">11718631</controlfield><controlfield tag="008">850221d18621882wiucr ne      0    0eng d</controlfield><datafield ind1=" " ind2=" " tag="010"><subfield code="a">sn 85033180 </subfield></datafield><datafield ind1=" " ind2=" " tag="040"><subfield code="a">NPU</subfield><subfield code="b">eng</subfield><subfield code="c">NPU</subfield><subfield code="d">NPX</subfield><subfield code="d">NPV</subfield><subfield code="d">NVF</subfield><subfield code="d">OCLCQ</subfield><subfield code="d">IUL</subfield><subfield code="d">OCLCF</subfield></datafield><datafield ind1=" " ind2=" " tag="042"><subfield code="a">msc</subfield></datafield><datafield ind1=" " ind2=" " tag="043"><subfield code="a">n-us-wi</subfield></datafield><datafield ind1="0" ind2="0" tag="245"><subfield code="a">Semi-weekly Wisconsin.</subfield></datafield><datafield ind1=" " ind2=" " tag="260"><subfield code="a">Milwaukee, Wis. :</subfield><subfield code="b">Wm E. Cramer,</subfield><subfield code="c">-1882.</subfield></datafield><datafield ind1=" " ind2=" " tag="300"><subfield code="a">v.</subfield></datafield><datafield ind1=" " ind2=" " tag="310"><subfield code="a">Semiweekly</subfield></datafield><datafield ind1="1" ind2=" " tag="362"><subfield code="a">Began with Nov. 4, 1862 issue?</subfield></datafield><datafield ind1="0" ind2=" " tag="362"><subfield code="a">-v. 21, no. 12 (Aug. 9, 1882).</subfield></datafield><datafield ind1=" " ind2=" " tag="580"><subfield code="a">Daily eds.: Daily Wisconsin, 1862-1868, and: Evening Wisconsin, 1868-1882.</subfield></datafield><datafield ind1=" " ind2=" " tag="580"><subfield code="a">Other ed.: Weekly Wisconsin, 1862-1882.</subfield></datafield><datafield ind1=" " ind2=" " tag="588"><subfield code="a">Description based on: Vol. 1, no. 8 (Nov. 28, 1862).</subfield></datafield><datafield ind1=" " ind2="0" tag="651"><subfield code="a">Milwaukee (Wis.)</subfield><subfield code="v">Newspapers.</subfield></datafield><datafield ind1=" " ind2="0" tag="651"><subfield code="a">Milwaukee County (Wis.)</subfield><subfield code="v">Newspapers.</subfield></datafield><datafield ind1=" " ind2="0" tag="651"><subfield code="a">Washington County (Wis.)</subfield><subfield code="v">Newspapers.</subfield></datafield><datafield ind1=" " ind2="7" tag="651"><subfield code="a">Wisconsin</subfield><subfield code="z">Milwaukee.</subfield><subfield code="2">fast</subfield><subfield code="0">(OCoLC)fst01206626</subfield></datafield><datafield ind1=" " ind2="7" tag="651"><subfield code="a">Wisconsin</subfield><subfield code="z">Milwaukee County.</subfield><subfield code="2">fast</subfield><subfield code="0">(OCoLC)fst01202910</subfield></datafield><datafield ind1=" " ind2="7" tag="651"><subfield code="a">Wisconsin</subfield><subfield code="z">Washington County.</subfield><subfield code="2">fast</subfield><subfield code="0">(OCoLC)fst01209942</subfield></datafield><datafield ind1=" " ind2="7" tag="655"><subfield code="a">Newspapers.</subfield><subfield code="2">fast</subfield><subfield code="0">(OCoLC)fst01423814</subfield></datafield><datafield ind1=" " ind2=" " tag="752"><subfield code="a">United States</subfield><subfield code="b">Wisconsin</subfield><subfield code="c">Milwaukee</subfield><subfield code="d">Milwaukee.</subfield></datafield><datafield ind1=" " ind2=" " tag="752"><subfield code="a">United States</subfield><subfield code="b">Wisconsin</subfield><subfield code="c">Washington</subfield><subfield code="d">Milwaukee.</subfield></datafield><datafield ind1="1" ind2=" " tag="775"><subfield code="t">Daily Wisconsin</subfield><subfield code="w">(DLC)sn 85033196</subfield><subfield code="w">(OCoLC)11748557</subfield></datafield><datafield ind1="1" ind2=" " tag="775"><subfield code="t">Evening Wisconsin</subfield><subfield code="w">(DLC)sn 85033179</subfield><subfield code="w">(OCoLC)11718594</subfield></datafield><datafield ind1="1" ind2=" " tag="775"><subfield code="t">Weekly Wisconsin</subfield><subfield code="w">(DLC)sn 85033181</subfield><subfield code="w">(OCoLC)11718701</subfield></datafield></record>